@article{agniel2018biases,
  title={Biases in electronic health record data due to processes within the healthcare system: retrospective observational study},
  author={Agniel, Denis and Kohane, Isaac S and Weber, Griffin M},
  journal={Bmj},
  volume={361},
  pages={k1479},
  year={2018},
  publisher={British Medical Journal Publishing Group}
}

@article{asfar2014high,
  title={High versus low blood-pressure target in patients with septic shock},
  author={Asfar, Pierre and Meziani, Ferhat and Hamel, Jean-Fran{\c{c}}ois and Grelon, Fabien and Megarbane, Bruno and Anguel, Nadia and Mira, Jean-Paul and Dequin, Pierre-Fran{\c{c}}ois and Gergaud, Soizic and Weiss, Nicolas and others},
  journal={N Engl J Med},
  volume={370},
  pages={1583--1593},
  year={2014},
  publisher={Mass Medical Soc}
}

@article{cook1980characterizations,
  title={Characterizations of an empirical influence function for detecting influential cases in regression},
  author={Cook, R Dennis and Weisberg, Sanford},
  journal={Technometrics},
  volume={22},
  number={4},
  pages={495--508},
  year={1980},
  publisher={Taylor \& Francis}
}

@article{dann2018policy,
  title={Policy certificates: Towards accountable reinforcement learning},
  author={Dann, Christoph and Li, Lihong and Wei, Wei and Brunskill, Emma},
  journal={arXiv preprint arXiv:1811.03056},
  year={2018}
}

@article{de2018unexplained,
  title={Unexplained mortality differences between septic shock trials: a systematic analysis of population characteristics and control-group mortality rates},
  author={de Grooth, Harm-Jan and Postema, Jonne and Loer, Stephan A and Parienti, Jean-Jacques and Oudemans-van Straaten, Heleen M and Girbes, Armand R},
  journal={Intensive care medicine},
  volume={44},
  number={3},
  pages={311--322},
  year={2018},
  publisher={Springer}
}

@article{doshi2017towards,
  title={Towards a rigorous science of interpretable machine learning},
  author={Doshi-Velez, Finale and Kim, Been},
  journal={arXiv preprint arXiv:1702.08608},
  year={2017}
}

@article{ernst2005tree,
  title={Tree-based batch mode reinforcement learning},
  author={Ernst, Damien and Geurts, Pierre and Wehenkel, Louis},
  journal={Journal of Machine Learning Research},
  volume={6},
  number={Apr},
  pages={503--556},
  year={2005}
}

@article{girbes2019time,
	author = {Armand R. J. Girbes and Harm-Jan de Grooth},
	title = {Time to stop randomized and large pragmatic trials for intensive care medicine syndromes: the case of sepsis and acute respiratory distress syndrome},
	journal = {Journal of Thoracic Disease},
	volume = {12},
	number = {S1},
	year = {2019},
	issn = {2077-6624},	
	url = {http://jtd.amegroups.com/article/view/33636}
}

@article{gottesman2018evaluating,
  title={Evaluating reinforcement learning algorithms in observational health settings},
  author={Gottesman, Omer and Johansson, Fredrik and Meier, Joshua and Dent, Jack and Lee, Donghun and Srinivasan, Srivatsan and Zhang, Linying and Ding, Yi and Wihl, David and Peng, Xuefeng and others},
  journal={arXiv preprint arXiv:1805.12298},
  year={2018}
}

@inproceedings{gottesman2019combining,
  title={Combining parametric and nonparametric models for off-policy evaluation},
  author={Gottesman, Omer and Liu, Yao and Sussex, Scott and Brunskill, Emma and Doshi-Velez, Finale},
  booktitle={International Conference on Machine Learning},
  pages={2366--2375},
  year={2019}
}

@article{gottesman2019guidelines,
  title={Guidelines for reinforcement learning in healthcare},
  author={Gottesman, Omer and Johansson, Fredrik and Komorowski, Matthieu and Faisal, Aldo and Sontag, David and Doshi-Velez, Finale and Celi, Leo Anthony},
  journal={Nat Med},
  volume={25},
  number={1},
  pages={16--18},
  year={2019}
}

@inproceedings{hanna2017bootstrapping,
  title={Bootstrapping with models: Confidence intervals for off-policy evaluation},
  author={Hanna, Josiah P and Stone, Peter and Niekum, Scott},
  booktitle={Thirty-First AAAI Conference on Artificial Intelligence},
  year={2017}
}

@article{jiang2015doubly,
  title={Doubly robust off-policy value evaluation for reinforcement learning},
  author={Jiang, Nan and Li, Lihong},
  journal={arXiv preprint arXiv:1511.03722},
  year={2015}
}

@article{johnson2016mimic,
  title={MIMIC-III, a freely accessible critical care database},
  author={Johnson, Alistair EW and Pollard, Tom J and Shen, Lu and Li-wei, H Lehman and Feng, Mengling and Ghassemi, Mohammad and Moody, Benjamin and Szolovits, Peter and Celi, Leo Anthony and Mark, Roger G},
  journal={Scientific data},
  volume={3},
  pages={160035},
  year={2016},
  publisher={Nature Publishing Group}
}

@article{jones2006emergency,
  title={Emergency department hypotension predicts sudden unexpected in-hospital mortality: a prospective cohort study},
  author={Jones, Alan E and Yiannibas, Vasilios and Johnson, Charles and Kline, Jeffrey A},
  journal={Chest},
  volume={130},
  number={4},
  pages={941--946},
  year={2006},
  publisher={Elsevier}
}

@inproceedings{koh2017understanding,
  title={Understanding black-box predictions via influence functions},
  author={Koh, Pang Wei and Liang, Percy},
  booktitle={Proceedings of the 34th International Conference on Machine Learning-Volume 70},
  pages={1885--1894},
  year={2017},
  organization={JMLR. org}
}

@article{komorowski2018artificial,
  title={The artificial intelligence clinician learns optimal treatment strategies for sepsis in intensive care},
  author={Komorowski, Matthieu and Celi, Leo A and Badawi, Omar and Gordon, Anthony C and Faisal, A Aldo},
  journal={Nature medicine},
  volume={24},
  number={11},
  pages={1716--1720},
  year={2018},
  publisher={Nature Publishing Group}
}

@inproceedings{lage2018human,
  title={Human-in-the-loop interpretability prior},
  author={Lage, Isaac and Ross, Andrew and Gershman, Samuel J and Kim, Been and Doshi-Velez, Finale},
  booktitle={Advances in Neural Information Processing Systems},
  pages={10159--10168},
  year={2018}
}

@article{le2019batch,
  title={Batch policy learning under constraints},
  author={Le, Hoang M and Voloshin, Cameron and Yue, Yisong},
  journal={arXiv preprint arXiv:1903.08738},
  year={2019}
}

@article{lipton2018mythos,
  title={The mythos of model interpretability},
  author={Lipton, Zachary C},
  journal={Queue},
  volume={16},
  number={3},
  pages={31--57},
  year={2018},
  publisher={ACM New York, NY, USA}
}

@article{munos2002variable,
  title={Variable resolution discretization in optimal control},
  author={Munos, R{\'e}mi and Moore, Andrew},
  journal={Machine learning},
  volume={49},
  number={2-3},
  pages={291--323},
  year={2002},
  publisher={Springer}
}

@inproceedings{oberst2019counterfactual,
  title={Counterfactual Off-Policy Evaluation with Gumbel-Max Structural Causal Models},
  author={Oberst, Michael and Sontag, David},
  booktitle={International Conference on Machine Learning},
  pages={4881--4890},
  year={2019}
}

@article{precup2000eligibility,
  title={Eligibility traces for off-policy policy evaluation},
  author={Precup, Doina},
  journal={Computer Science Department Faculty Publication Series},
  pages={80},
  year={2000}
}

@article{ribba2012tumor,
  title={A tumor growth inhibition model for low-grade glioma treated with chemotherapy or radiotherapy},
  author={Ribba, Benjamin and Kaloshi, Gentian and Peyre, Mathieu and Ricard, Damien and Calvez, Vincent and Tod, Michel and {\v{C}}ajavec-Bernard, Branka and Idbaih, Ahmed and Psimaras, Dimitri and Dainese, Linda and others},
  journal={Clinical Cancer Research},
  volume={18},
  number={18},
  pages={5071--5080},
  year={2012},
  publisher={AACR}
}

@inproceedings{sendak2020fat,
  author    = {Mark Sendak and
               Madeleine Clare Elish and
               Michael Gao and
               Joseph Futoma and
               William Ratliff and
               Marshall Nichols and
               Armando Bedoya and
               Suresh Balu and
               Cara O'Brien},
  title     = {"The human body is a black box": supporting clinical decision-making with deep learning},
  booktitle = {FAT* '20: Conference on Fairness, Accountability, and Transparency, Barcelona, Spain, January 27-30, 2020},
  pages     = {99--109},
  publisher = {ACM},
  year      = {2020},
  }

@book{sutton2018reinforcement,
  title={Reinforcement learning: An introduction},
  author={Sutton, Richard S and Barto, Andrew G},
  year={2018},
  publisher={MIT press}
}

@article{tamuz2011adaptively,
  title={Adaptively learning the crowd kernel},
  author={Tamuz, Omer and Liu, Ce and Belongie, Serge and Shamir, Ohad and Kalai, Adam Tauman},
  journal={arXiv preprint arXiv:1105.1033},
  year={2011}
}

@inproceedings{thomas2015high,
  title={High-confidence off-policy evaluation},
  author={Thomas, Philip S and Theocharous, Georgios and Ghavamzadeh, Mohammad},
  booktitle={Twenty-Ninth AAAI Conference on Artificial Intelligence},
  year={2015}
}

@article{thomas2019,
  title={Preventing undesirable behavior of intelligent machines},
  author={Thomas, Philip S and da Silva, Bruno Castro and Barto, Andrew G and Giguere, Stephen and Brun, Yuriy and Brunskill, Emma},
  journal={Science},
  volume={366},
  number={6468},
  pages={999--1004},
  year={2019},
  publisher={American Association for the Advancement of Science}
}